% Note that "make update" can overwrite this file.

@Article{application_dl,
author = "{Dan Guest, Kyle Cranmer, Daniel
Whiteson}",
title = {Deep Learning and Its
Application to LHC Physics},
journal = {Annual Review of Nuclear and Particle Science},
year = {2018},
OPTvolume = {68:161-181},
OPTmonth = {October}
}


@misc{SMScheme,
  title = {The Standard Model of particle physics},
  howpublished = {\url{https://www-f9.ijs.si/~lubej/SM.png}},
  note = {Accessed: 2020-10-07}
}

@article{PDG2020,
  title={Particle Physics Booklet},
  author={M. Tanabashi},
  year={2020},
  publisher={Particle Data Group}
}

@book{ModernPP,
  title={Modern Particle Physics},
  author={Mark Thomson},
  year={2013},
  publisher={Cambridge University Press}
}

@book{GroupTheory,
  title={Group Theory in a Nutshell for Physicists},
  author={Anthony Zee},
  year={2016},
  publisher={Princeton University Press}
}

@inbook{FDStat,
author = {Daniel Greenberger, Klaus Hentschel ,and Friedel Weinert},
year = {2009},
title = {Compendium of Quantum Physics},
publisher={Stringer}
}

@article{neutrinoOsci,
  title={Physics of Neutrino Oscillation},
  author={Mondal, Spandan},
  journal={arXiv preprint arXiv:1511.06752},
  year={2015}
}

@book{GaugeInv,
  title={Introduction to Gauge Field Theories},
  author={Masud ChaichianNikolai F. Nelipa},
  year={1984},
  publisher={Springer}
}

@article{Higgs,
  title={Observation of a new particle in the search for the Standard Model Higgs boson with the ATLAS detector at the LHC},
  author={Aad, Georges and Abajyan, Tatevik and Abbott, B and Abdallah, J and Khalek, S Abdel and Abdelalim, Ahmed Ali and Aben, R and Abi, B and Abolins, M and AbouZeid, OS and others},
  journal={Physics Letters B},
  volume={716},
  year={2012},
  publisher={Elsevier}
}

@book{DM,
  title={Yet Another Introduction to Dark Matter: The Particle Physics Approach},
  author={Bauer, Martin and Plehn, Tilman},
  volume={959},
  year={2019},
  publisher={Springer}
}

@article{MAM,
  title={Origin of the matter-antimatter asymmetry},
  author={Dine, Michael and Kusenko, Alexander},
  journal={Reviews of Modern Physics},
  volume={76},
  year={2003},
  publisher={APS}
}

@article{TopQuark,
  title={Observation of the top quark},
  author={Abachi, Shahriar and Abbott, B and Abolins, M and Acharya, BS and Adam, I and Adams, DL and Adams, M and Ahn, S and Aihara, H and Alitti, J and others},
  journal={Physical Review Letters},
  volume={74},
  year={1995},
  publisher={APS}
}
@article{CKMtb,
  title={Measurement of CKM matrix elements in single top quark channel production in proton-proton collisions at $\sqrt{s}=$ 13 TeV},
  author={CMS Collaboration and others},
  journal={arXiv:2004.12181},
  year={2020}
}

@article{ttttcross,
  title={Large NLO corrections in $t\bar{t}W^{\pm}$ and $t\bar{t}t\bar{t}$ hadroproduction from supposedly subleading EW contributions},
  author={R. Frederix, D. Pagani and M. Zaro},
  journal={arXiv:2004.12181},
  year={2018}
}
@article{SuperS,
  title={Supersymmetry, Supergravity and Particle Physics},
  author={H. P. Nilles},
  journal={Phys. Rept},
  volume={110},
  year={1984}
}

@article{ScalarDing,
  title={Phenomenology of the Production, Decay, and Detection of New Hadronic States Associated with Supersymmetry},
  author={G. R. Farrar and P. Fayet},
  journal={Phys. Rept},
  volume={G36},
  year={2009}
}

@article{cross1,
  title={Search for standard model production of four top quarks with the single-lepton and opposite-sign dilepton final states in proton-proton collisions at $\sqrt{s}$ = 13 TeV},
  author={CMS Collaboration and others},
  year={2019}
}

@article{cross2,
  title={Search for standard model production of four top quarks with same-sign and multilepton final states in proton--proton collisions at $\sqrt{s}$ = 13 TeV},
  author={Sirunyan, Albert M and Tumasyan, Armen and Adam, Wolfgang and Ambrogi, Federico and Asilar, Ece and Bergauer, Thomas and Brandstetter, Johannes and Brondolin, Erica and Dragicevic, Marko and Er{\"o}, Janos and others},
  journal={The European Physical Journal C},
  volume={78},
  year={2018},
  publisher={Springer}
}

@article{cross3,
  title={Search for standard model production of four top quarks in final states with same-sign and multiple leptons in proton-proton collisions at $\sqrt{s}=13$ TeV},
  author={CMS Collaboration and others},
  year={2019}
}

@article{cross4,
  title={Search for new phenomena in events with same-charge leptons and b-jets in pp collisions at $\sqrt{s} = $ 13 TeV with the ATLAS detector},
  author={Aaboud, Morad and Aad, Georges and Abbott, Brad and Abeloos, B and Abhayasinghe, DK and Abidi, SH and AbouZeid, OS and Abraham, NL and Abramowicz, H and Abreu, H and others},
  journal={Journal of High Energy Physics},
  volume={2018},
  year={2018},
  publisher={Springer}
}

@misc{cross5,
  title={Evidence for tttt production in the multilepton final state in proton-proton collisions at $\sqrt{s}=$ 13 TeV with the ATLAS detector},
  author={ATLAS collaboration and others},
  year={2020},
  publisher={June}
}

@article{3t,
  title={Triple-Top Signal of New Physics at the LHC},
  author={Vernon Barger, Wai-Yee Keung, Brian Yencho},
  journal={Journal of High Energy Physics},
  volume={2018},
  year={2018},
  publisher={Springer}
}


@article{singlet,
  title={Evidence for Production of Single Top Quarks and First Direct Measurement of $|V_{tb}|$},
  author={Abazov, VM and Abbott, B and Abolins, M and Acharya, BS and Adams, M and Adams, T and Aguilo, E and Ahn, SH and Ahsan, M and Alexeev, GD and others},
  journal={Physical review letters},
  volume={98},
  year={2007},
  publisher={APS}
}

@misc{CernAcc,
  title = {The CERN accelerator complex},
  howpublished = {\url{https://cds.cern.ch/record/2684277/files/CCC-v2019-final-white.png?subformat=icon-1440}},
  note = {Accessed: 2020-10-07}
}

@misc{ATLASP,
  title = {The ATLAS detector},
  howpublished = {\url{https://www.researchgate.net/publication/260312780/figure/fig7/AS:346274328006677@1459569641564/Figure8Schematic-of-how-different-particles-interact-with-the-ATLAS-detector.png}},
  note = {Accessed: 2020-10-07}
}

@misc{ATLASint,
  title = {The ATLAS detector interactions},
  howpublished = {\url{https://mediaarchive.cern.ch/MediaArchive/Photo/Public/2008/0803012/0803012_01/0803012_01-A4-at-144-dpi.jpg}},
  note = {Accessed: 2020-10-07}
}

@article{ATLASsim,
  title={The ATLAS simulation infrastructure},
  author={Aad, Georges and Abbott, B and Abdallah, J and Abdelalim, AA and Abdesselam, Abdelmalek and Abi, B and Abolins, M and Abramowicz, H and Abreu, H and Acharya, BS and others},
  journal={The European Physical Journal C},
  volume={70},
  year={2010},
  publisher={Springer}
}

@article{MadGraph,
  title={MadGraph 5: going beyond},
  author={Alwall, Johan and Herquet, Michel and Maltoni, Fabio and Mattelaer, Olivier and Stelzer, Tim},
  journal={Journal of High Energy Physics},
  volume={2011},
  year={2011},
  publisher={Springer}
}

@article{PYTHIA,
  title={PYTHIA 8 status report},
  author={Sj{\"o}strand, Torbj{\"o}rn},
  journal={arXiv preprint arXiv:0809.0303},
  year={2008}
}

@inproceedings{AltFast,
  title={Fast simulation for ATLAS: Atlfast-II and ISF},
  author={Lukas, Wolfgang},
  booktitle={Journal of Physics: Conference Series},
  volume={396},
  number={2},
  pages={022031},
  year={2012},
  organization={IOP Publishing}
}

@inproceedings{nWeights,
  title={Computational challenges for MC event generation},
  author={Buckley, Andy},
  booktitle={Journal of Physics: Conference Series},
  volume={1525},
  number={1},
  pages={012023},
  year={2020},
  organization={IOP Publishing}
}

@article{ECIDS,
  title={Electron reconstruction and identification in the ATLAS experiment using the 2015 and 2016 LHC proton--proton collision data at $\sqrt{s}$ = 13 TeV},
  author={Aaboud, Morad and Aad, Georges and Abbott, Brad and Abbott, Dale Charles and Abeloos, B and Abhayasinghe, DK and Abidi, SH and AbouZeid, OS and Abraham, NL and Abramowicz, H and others},
  journal={The European Physical Journal C},
  volume={79},
  year={2019},
  publisher={Springer}
}

@article{Akt,
   title={The anti-ktjet clustering algorithm},
   volume={2008},
   url={http://dx.doi.org/10.1088/1126-6708/2008/04/063},
   journal={Journal of High Energy Physics},
   publisher={Springer Science and Business Media LLC},
   author={Cacciari, Matteo and Salam, Gavin P and Soyez, Gregory},
   year={2008}
}


@techreport{MV2c10,
  title={Optimisation of the ATLAS $ b $-tagging performance for the 2016 LHC Run},
  author={Calandri, Alessandro},
  year={2016},
  institution={ATL-COM-PHYS-2016-646}
}

@article{gW,
  title={The ATLAS simulation infrastructure},
  author={Aad, Georges and Abbott, B and Abdallah, J and Abdelalim, AA and Abdesselam, Abdelmalek and Abi, B and Abolins, M and Abramowicz, H and Abreu, H and Acharya, BS and others},
  journal={The European Physical Journal C},
  volume={70},
  year={2010},
  publisher={Springer}
}

%@article{logan2018thinking,
%  title={Thinking in Patterns and the Pattern of Human Thought as Contrasted with AI Data Processing},
%  author={Logan, Robert K and Tandoc, Marlie},
%  year={2018},
%  publisher={Multidisciplinary Digital Publishing Institute}
%}
%
%@book{patterson2017deep,
%  title={Deep learning: A practitioner's approach},
%  author={Patterson, Josh and Gibson, Adam},
%  year={2017},
%  publisher={O'Reilly Media, Inc.}
%}

%@misc{Activations,
%  title = {Complete Guide of Activation Functions},
%  howpublished = {\url{https://towardsdatascience.com/complete-guide-of-activation-functions-34076e95d044}},
%  note = {Accessed: 2020-09-17}
%}
%
%@misc{Fitting,
%  title = {Underfitting and Overfitting in machine learning and how to deal with it !!!},
%  howpublished = {\url{https://towardsdatascience.com/underfitting-and-overfitting-in-machine-learning-and-how-to-deal-with-it-6fe4a8a49dbf}},
%  note = {Accessed: 2020-09-17}
%}
