% Note that "make update" can overwrite this file.

@article{application_dl,
  title={Deep learning and its application to LHC physics},
  author={{D. Guest, K. Crammer, and D. Whiteson}},
  journal={Annual Review of Nuclear and Particle Science},
  volume={68},
  pages={{161--181}},
  year={2018},
  publisher={Annual Reviews}
}

@misc{SMScheme,
  author = {Matic Lubej},
  title = {The Standard Model of particle physics},
  URL = {https://www-f9.ijs.si/~lubej/SM.png},
  note = {Accessed: 2020-10-07}
}


@article{PDG2020,
      xauthor         = "{P. A. Zyla and others}",
      title          = "{Prog. Theor. Exp. Phys. 2020}",
      author  = "{P. A. Zyla et al. (Particle Data Group)}",
      year           = "2020",
      number         = "8",
      pages          = "083C01",
      doi            = "10.1093/ptep/ptaa104"
}


@book{ModernPP,
      author         = "Mark Thomson",
      title          = "{Modern Particle Physics}",
      publisher      = "Cambridge University Press",
      year           = "2013",
      ISBN           = "9781107034266"
}

@book{GT,
      author         = "Zee, A.",
      title          = "{Group Theory in a Nutshell for Physicists}",
      publisher      = "Princeton University Press",
      year           = "2016",
      ISBN           = "9780691162690"
}

@book{FDStat,
      author         = "Schwabl, F.",
      title          = "{Advanced Quantum Mechanics}",
      publisher={Springer},
      year           = "2008",
      ISBN = {9783540850618}
      
}


@article{neutrinoOsci,
      author         = "Spandan Mondal",
      title          = "{Physics of Neutrino Oscillation}",
      year           = "2015",
      eprint         = "1511.06752",
      primaryClass   = "hep-ph",
      archivePrefix  = "arXiv"
}

@book{GaugeInv,
  title={Quantum field theory and the standard model},
  author={Schwartz, Matthew D},
  year={2014},
  publisher={Cambridge University Press},
  ISBN={9781107034730}
}



@article{Higgs,
      xauthor         = "{G. Aad and others}",
      title          = "{Observation of a new particle in the search for the
                        Standard Model Higgs boson with the ATLAS detector at the
                        LHC}",
      author  = "{G. Aad et al. (ATLAS Collaboration)}",
      journal        = "Phys. Lett.",
      volume         = "B716",
      year           = "2012",
      pages          = "{1-29}",
      doi            = "10.1016/j.physletb.2012.08.020",
      eprint         = "1207.7214",
      archivePrefix  = "arXiv",
      primaryClass   = "hep-ex",
      reportNumber   = "CERN-PH-EP-2012-218"
}

@book{DM,
      author         = "{M. Bauer and T. Plehn}",
      title          = "{Yet Another Introduction to Dark Matter}",
      year           = "2019",
      publisher = "Springer",
      ISBN = "9783030162351"
}

@article{MAM,
      author         = "{M. Dine and A. Kusenko}",
      title          = "{The Origin of the matter - antimatter asymmetry}",
      journal        = "Rev. Mod. Phys.",
      volume         = "76",
      year           = "2003",
      pages          = "1",
      doi            = "10.1103/RevModPhys.76.1",
      eprint         = "hep-ph/0303065",
      archivePrefix  = "arXiv",
      reportNumber   = "SCIPP-2003-08, UCLA-03-TEP-08"
}

@article{TopQuark,
      xauthor         = "{F. Abe and others}",
      title          = "{Observation of Top Quark Production in $\bar{p}p$ Collisions with the Collider Detector at Fermilab}",
      author  = "{F. Abe et al. (CDF Collaboration)}",
      journal        = "Phys. Rev. Lett.",
      volume         = "74",
      year           = "1995",
      pages          = "{2626-2631}",
      doi            = "10.1103/PhysRevLett.74.2626",
      eprint         = "hep-ex/9503002",
      archivePrefix  = "arXiv",
      reportNumber   = "FERMILAB-PUB-95-022-E, CDF-PUB-TOP-PUBLIC-3040,
                        ANL-HEP-PR-95-44"
}

@article{CKMtb,
      xauthor         = "{A. M. Sirunyan and others}",
      title          = "{Measurement of CKM matrix elements in single top quark
                        $t$-channel production in proton-proton collisions at
                        $\sqrt{s} = $ 13 TeV}",
      author  = "{A. M. Sirunyan et al. (CMS Collaboration)}",
      journal        = "Phys. Lett.",
      volume         = "B808",
      year           = "2020",
      pages          = "{135609}",
      doi            = "10.1016/j.physletb.2020.135609",
      eprint         = "2004.12181",
      archivePrefix  = "arXiv",
      primaryClass   = "hep-ex",
      reportNumber   = "CMS-TOP-17-012, CERN-EP-2020-047"
}


@article{ttttcross,
      author         = "{R. Frederix, D. Pagani, and M. Zaro}",
      title          = "{Large NLO corrections in $t\bar{t}W^{\pm}$ and
                        $t\bar{t}t\bar{t}$ hadroproduction from supposedly
                        subleading EW contributions}",
      journal        = "JHEP",
      volume         = "02",
      year           = "2018",
      pages          = "{031}",
      doi            = "10.1007/JHEP02(2018)031",
      eprint         = "1711.02116",
      archivePrefix  = "arXiv"
}


@article{SuperS,
  title={Supersymmetry, supergravity and particle physics},
  author={Hans Peter Nilles},
  journal={Physics Reports},
  volume={110},
  number={1-2},
  pages={{1--162}},
  year={1984},
  publisher={Elsevier}
}

@article{ScalarDing,
  title={Phenomenology of the Production, Decay, and Detection of New Hadronic States Associated with Supersymmetry},
  author={{G. R. Farrar and P. Fayet}},
  journal={Phys. Lett. B},
  volume={76},
  number={5},
  pages={{575--579}},
  year={1978},
  publisher={Elsevier},
  doi = {10.1016/0370-2693(78)90858-4}
}

@article{cross1,
      xauthor         = "{Albert M. Sirunyan and others}",
      title          = "{Search for the production of four top quarks in the
                        single-lepton and opposite-sign dilepton final states in
                        proton-proton collisions at $ \sqrt{s} $ = 13 TeV}",
      author  = "{A. M. Sirunyan et al. (CMS Collaboration)}",
      journal        = "JHEP",
      volume         = "11",
      year           = "2019",
      pages          = "082",
      doi            = "10.1007/JHEP11(2019)082",
      eprint         = "1906.02805",
      archivePrefix  = "arXiv",
      primaryClass   = "hep-ex",
      reportNumber   = "CERN-EP-2019-098"
}

@article{cross2,
      xauthor         = "{A. M. Sirunyan and others}",
      title          = "{Search for standard model production of four top quarks
                        with same-sign and multilepton final states in
                        protonâ€“proton collisions at $\sqrt{s} = 13\,\text {TeV}$}",
      author  = "{A. M. Sirunyan et al. (CMS Collaboration)}",
      journal        = "Eur. Phys. J.",
      volume         = "C78",
      year           = "2018",
      number         = "2",
      pages          = "140",
      doi            = "10.1140/epjc/s10052-018-5607-5",
      eprint         = "1710.10614",
      primaryClass   = "hep-ex",
      archivePrefix  = "arXiv",
      reportNumber   = "CMS-TOP-17-009, CERN-EP-2017-262"
}

@article{cross3,
      xauthor         = "{A. M. Sirunyan and others}",
      title          = "{Search for production of four top quarks in final states
                        with same-sign or multiple leptons in proton-proton
                        collisions at $\sqrt{s}=$ 13 TeV}",
      author  = "{A. M. Sirunyan et al. (CMS Collaboration)}",
      journal        = "Eur. Phys. J.",
      volume         = "C80",
      year           = "2019",
      number         = "2",
      pages          = "75",
      doi            = "10.1140/epjc/s10052-019-7593-7",
      eprint         = "1908.06463",
      primaryClass   = "hep-ex",
      archivePrefix  = "arXiv",
      reportNumber   = "CMS-TOP-18-003, CERN-EP-2019-163"
}


@article{cross4,
      xauthor         = "{M. Aaboud and others}",
      title          = "{Search for four-top-quark production in the
                        single-lepton and opposite-sign dilepton final states in
                        pp collisions at $\sqrt{s}$ = 13 TeV with the ATLAS
                        detector}",
      author  = "{M. Aaboud et al. (ATLAS Collaboration)}",
      journal        = "Phys. Rev.",
      volume         = "D99",
      year           = "2019",
      number         = "5",
      pages          = "052009",
      doi            = "10.1103/PhysRevD.99.052009",
      eprint         = "1811.02305",
      primaryClass   = "hep-ex",
      archivePrefix  = "arXiv",
      reportNumber   = "CERN-EP-2018-174"
}

@article{cross5,
      xauthor         = "{G. Aad and others}",
      title          = "{Evidence for $t\bar{t}t\bar{t}$ production in the
                        multilepton final state in proton-proton collisions at
                        $\sqrt{s}$=13 TeV with the ATLAS detector}",
      author  = "{G. Aad et al. (ATLAS Collaboration)}",
      year           = "2020",
      eprint         = "2007.14858",
      primaryClass   = "hep-ex",
      archivePrefix  = "arXiv",
      reportNumber   = "CERN-EP-2020-111"
}

@article{3t,
      author         = "{V. Barger, W. Keung, and B. Yencho}",
      title          = "{Triple-Top Signal of New Physics at the LHC}",
      journal        = "Phys. Lett.",
      volume         = "B687",
      year           = "2010",
      pages          = "{70--74}",
      doi            = "10.1016/j.physletb.2010.03.001",
      eprint         = "1001.0221",
      primaryClass   = "hep-ph",
      archivePrefix  = "arXiv"
}

@article{singlet,
      xauthor         = "{V. M. Abazov and others}",
      title          = "{Evidence for production of single top quarks and first
                        direct measurement of $|V_{tb}|$}",
      author  = "{V. M. Abazov et al. (D{\O} Collaboration)}",
      journal        = "Phys. Rev. Lett.",
      volume         = "98",
      year           = "2007",
      pages          = "181802",
      doi            = "10.1103/PhysRevLett.98.181802",
      eprint         = "hep-ex/0612052",
      archivePrefix  = "arXiv",
      reportNumber   = "FERMILAB-PUB-06-475-E"
}

@misc{CernAcc,
  author = {Mobs, Esma},
  title = {The CERN accelerator complex},
  URL = {https://cds.cern.ch/record/2684277/files/CCC-v2019-final-white.png?subformat=icon-1440},
  note = {Accessed: 2020-10-07}
}

@article{ATLASint,
author = {Kourkoumelis, C and Vourakis, S},
year = {2014},
pages = {21},
title = {HYPATIAâ€”an online tool for ATLAS event visualization},
volume = {49},
journal = {Physics Education},
doi = {10.1088/0031-9120/49/1/21}
}

@misc{ATLASP,
  author = {{ATLAS Collaboration}},
  title = {The ATLAS detector},
  URL = {https://mediaarchive.cern.ch/MediaArchive/Photo/Public/2008/0803012/0803012_01/0803012_01-A4-at-144-dpi.jpg},
  note = {Accessed: 2020-10-07}
}

@article{ATLASsim,
      xauthor         = "{G. Aad and others}",
      title          = "{The ATLAS Simulation Infrastructure}",
      author  = "{G. Aad et al. (ATLAS Collaboration)}",
      journal        = "Eur. Phys. J.",
      volume         = "C70",
      year           = "2010",
      pages          = "{823--874}",
      doi            = "10.1140/epjc/s10052-010-1429-9",
      eprint         = "1005.4568",
      primaryClass   = "physics.ins-det",
      archivePrefix  = "arXiv"
}

@article{MadGraph,
      author         = {{J. Alwall, M. Herquet, F. Maltoni, O. Mattelaer, and T. Stelzer}},
      title          = "{MadGraph 5 : Going Beyond}",
      journal        = "JHEP",
      volume         = "06",
      year           = "2011",
      pages          = "128",
      doi            = "10.1007/JHEP06(2011)128",
      eprint         = "1106.0522",
      primaryClass   = "hep-ph",
      archivePrefix  = "arXiv",
      reportNumber   = "FERMILAB-PUB-11-448-T"
}

@article{PYTHIA,
      author         = "Torbjorn Sj{\"o}strand",
      title          = {{PYTHIA 8 Status Report}},
      year           = "2008",
      pages          = "{726--732}",
      doi            = "10.3204/DESY-PROC-2009-02/41",
      eprint         = "0809.0303",
      archivePrefix  = "arXiv",
      primaryClass   = "hep-ph",
      reportNumber   = "LU-TP-08-17, MCNET-08-09"
}

@article{AltFast,
      author         = "W. Lukas",
      title          = "{Fast Simulation for ATLAS: Atlfast-II and ISF}",
      journal        = "J. Phys. Conf. Ser.",
      volume         = "396",
      year           = "2012",
      pages          = "{022031}",
      doi            = "10.1088/1742-6596/396/2/022031",
      reportNumber   = "ATL-SOFT-PROC-2012-065, ATL-COM-SOFT-2012-137"
}

@article{nWeights,
      author         = "Andy Buckley",
      title          = "{Computational challenges for MC event generation}",
      journal        = "J. Phys. Conf. Ser.",
      volume         = "1525",
      year           = "2020",
      number         = "1",
      pages          = "{012023}",
      doi            = "10.1088/1742-6596/1525/1/012023",
      eprint         = "1908.00167",
      archivePrefix  = "arXiv",
      primaryClass   = "hep-ph",
      reportNumber   = "MCnet-19-18"
}

@article{ECIDS,
  title={Electron reconstruction and identification in the ATLAS experiment using the 2015 and 2016 LHC proton--proton collision data at $\sqrt{s}$ = 13 TeV},
  xauthor         = "{G. Aad and others}",
  author  = "{G. Aad et al. (ATLAS Collaboration)}",
  journal        = "Eur. Phys. J. C",
  volume={79},
  pages={639},
  year={2019},
  doi = {10.1140/epjc/s10052-019-7140-6},
  eprint = "1902.04655",
  primaryClass   = "physics.ins-det",
  archivePrefix  = "arXiv"
}

@article{Akt,
    author = "{M. Cacciari, G. P. Salam, and G. Soyez}",
    title = "{The anti-$k_t$ jet clustering algorithm}",
    eprint = "0802.1189",
    archivePrefix = "arXiv",
    reportNumber = "LPTHE-07-03",
    doi = "10.1088/1126-6708/2008/04/063",
    journal = "JHEP",
    volume = "04",
    pages = "063",
    primaryClass   = "hep-ph",
    year = "2008"
}

@article{MV2c10,
    author = "{ATLAS Collaboration}",
    title = "{Optimisation of the ATLAS $b$-tagging performance for the 2016 LHC Run}",
    reportNumber = "ATL-PHYS-PUB-2016-012",
    year = "2016",
    url           = "http://cds.cern.ch/record/2160731"
}

@article{Sherpa,
      author         = "{T. Gleisberg, Stefan Hoeche, F. Krauss, M. Schonherr, S. Schumann, F. Siegert, and J. Winter}",
      title          = "{Event generation with SHERPA 1.1}",
      journal        = "JHEP",
      volume         = "02",
      year           = "2009",
      pages          = "007",
      doi            = "10.1088/1126-6708/2009/02/007",
      eprint         = "0811.4622",
      archivePrefix  = "arXiv",
      primaryClass   = "hep-ph",
      reportNumber   = "FERMILAB-PUB-08-477-T, SLAC-PUB-13420, ZU-TH-17-08,
                        DCPT-08-138, IPPP-08-69, EDINBURGH-2008-30, MCNET-08-14"
}

@article{PowHeg,
    author = "{S. Alioli, P. Nason, C. Oleari, and E. Re}",
    title = "{A general framework for implementing NLO calculations in shower Monte Carlo programs: the POWHEG BOX}",
    eprint = "1002.2581",
    archivePrefix = "arXiv",
    reportNumber = "DESY-10-018, SFB-CPP-10-22, IPPP-10-11, DCPT-10-22",
    doi = "10.1007/JHEP06(2010)043",
    journal = "JHEP",
    volume = "06",
    pages = "043",
    primaryClass   = "hep-ph",
    year = "2010"
}

@article{bioNeuron,
author = {{K. Sidiropoulou, E. Pissadaki, and P. Poirazi}},
year = {2006},
month = {10},
pages = {{92--886}},
title = {Inside the brain of a neuron},
volume = {7},
journal = {EMBO reports},
doi = {10.1038/sj.embor.7400789}
}

@book{NNTheory,
  title={Neural Networks Theory},
  author={Alexander I. Galushkin},
  year={2007},
  publisher={Springer},
  ISBN={9783540481249}
}

@article{Crossentro,
author = {{Y. Ho and S. Wookey}},
year = {2019},
month = {12},
pages = {1-1},
title = {The Real-World-Weight Cross-Entropy Loss Function: Modeling the Costs of Mislabeling},
volume = {PP},
journal = {IEEE Access},
doi = {10.1109/ACCESS.2019.2962617},
primaryClass   = "cs.LG",
eprint={2001.00570},
archivePrefix  = {arXiv}
}

@article{Kulldiv,
  title={R{\'e}nyi divergence and Kullback-Leibler divergence},
  author={{T. van Erven and P. Harremos}},
  journal={IEEE Transactions on Information Theory},
  volume={60},
  number={7},
  pages={{3797--3820}},
  year={2014},
  publisher={IEEE},
  doi = {10.1109/TIT.2014.2320500},
  eprint={1206.2459},
  archivePrefix  = {arXiv}
}

@article{backpro,
  title={Back propagation neural networks},
  author={Massimo Buscema},
  journal={Substance use \& misuse},
  volume={33},
  number={2},
  pages={{233--270}},
  year={1998},
  publisher={Taylor \& Francis}
}

@article{NNbH1,
  title={Mastering the game of Go with deep neural networks and tree search},
  xauthor={{D. Silver, A. Huang and C. J. Maddison, and others}},
  author = {{D. Silver et al. (DeepMind)}},
  journal={Nature},
  volume={529},
  number={7587},
  pages={{484--489}},
  year={2016},
  publisher={Nature Publishing Group},
  doi = {10.1038/nature16961}
}

@article{NNbH2,
  title={Comparing deep neural networks against humans: object recognition when the signal gets weaker},
  author={{R. Geirhos et al.}},
  eprint={1706.06969},
  archivePrefix  = {arXiv},
  primaryClass   = "cs.CV",
  year={2017}
}

@article{NNbH3,
  title={Generalisation in humans and deep neural networks},
  author={{R. Geirhos et al.}},
  year={2018},
  eprint={1808.08750},
  primaryClass   = "cs.CV",
  archivePrefix  = {arXiv}
}

@article{logan2018thinking,
author = {{R. Logan and M. Tandoc}},
year = {2018},
title = {Thinking in Patterns and the Pattern of Human Thought as Contrasted with AI Data Processing},
volume = {9},
journal = {Information},
doi = {10.3390/info9040083}
}

@book{patterson2017deep,
  title={Deep learning: A practitioner's approach},
  author={{J. Patterson and A. Gibson}},
  year={2017},
  ISBN={9781491914250},
  publisher={O'Reilly Media, Inc.}
}

@misc{Activations,
  author = {Shruti Jadon},
  title = {Complete Guide of Activation Functions},
  URL = {https://towardsdatascience.com/complete-guide-of-activation-functions-34076e95d044},
  note = {Accessed: 2020-09-17}
}

@misc{Fitting,
  title = {Underfitting and Overfitting in machine learning and how to deal with it!},
  URL = {https://towardsdatascience.com/underfitting-and-overfitting-in-machine-learning-and-how-to-deal-with-it-6fe4a8a49dbf},
  note = {Accessed: 2020-09-17}
}

@misc{OVPic,
  author = {Pawel Cislo},
  title = {Over- and underfitting},
  URL = {https://i.pinimg.com/originals/72/e2/22/72e222c1542539754df1d914cb671bd7.png},
  note = {Accessed: 2020-10-07}
}

@book{MainNN,
  title={Hands-on machine learning with Scikit-Learn, Keras, and TensorFlow: Concepts, tools, and techniques to build intelligent systems},
  author={G{\'e}ron, Aur{\'e}lien},
  year={2019},
  ISBN={9781492032649},
  publisher={O'Reilly Media}
}

@article{Opti,
  title={An overview of gradient descent optimization algorithms},
  author={Sebastian Ruder},
  year={2016},
  eprint={1609.04747},
  primaryClass   = "cs.LG",
  archivePrefix  = {arXiv}
}

@article{Acti,
  title={Introduction to different activation functions for deep learning},
  author={Jadon, Shruti},
  journal={Medium, Augmenting Humanity},
  volume={16},
  year={2018},
  URL = {https://cdn-images-1.medium.com/max/1000/1*4ZEDRpFuCIpUjNgjDdT2Lg.png},
  note = {Accessed: 2020-10-07}
}


@article{rigde,
  title={Lecture notes on ridge regression},
  author={{W. N. van Wieringen}},
  year={2020},
  eprint={1509.09169},
  primaryClass   = "stat.ME",
  archivePrefix  = {arXiv}
}

@article{lasso,
  title={Regression shrinkage and selection via the lasso},
  author={Robert Tibshirani},
  journal={Journal of the Royal Statistical Society: Series B (Methodological)},
  volume={58},
  number={1},
  pages={{267--288}},
  year={1996},
  publisher={Wiley Online Library}
}

@article{dropout,
  title={Dropout: A Simple Way to Prevent Neural Networks from Overfitting},
  author={{N. Srivastava et al.}},
  journal={Journal of Machine Learning Research},
  volume={15},
  number={1},
  pages={{1929--1958}},
  year={2014},
  publisher={JMLR. org}
}

@article{BDT,
author = {Yann Coadou},
year = {2013},
month = {07},
pages = {{02004-}},
title = {Boosted Decision Trees and Applications},
volume = {55},
journal = {EPJ Web of Conferences},
doi = {10.1051/epjconf/20135502004}
}

@article{TMVA,
      author         = "A. Hocker et al.",
      title          = "{TMVA - Toolkit for Multivariate Data Analysis}",
      year           = "2007",
      eprint         = "physics/0703039",
      primaryClass   = "data-an",
      archivePrefix  = "arXiv",
      reportNumber   = "CERN-OPEN-2007-007"
}

@article{RNNSel,
      author         = "{M. Erdmann, E. Geiser, Y. Rath, and M. Rieger}",
      title          = "{Lorentz Boost Networks: Autonomous Physics-Inspired
                        Feature Engineering}",
      journal        = "JINST",
      volume         = "14",
      year           = "2019",
      number         = "06",
      pages          = "P06006",
      doi            = "10.1088/1748-0221/14/06/P06006",
      primaryClass   = "hep-ex",
      eprint         = "1812.09722",
      archivePrefix  = "arXiv"
}

@article{SpeFea1,
      author         = "{{P. Baldi, P. Sadowski, and D. Whiteson}}",
      title          = "{Searching for Exotic Particles in High-Energy Physics
                        with Deep Learning}",
      journal        = "Nature Communications",
      volume         = "5",
      year           = "2014",
      pages          = "4308",
      doi            = "10.1038/ncomms5308",
      primaryClass   = "hep-ph",
      eprint         = "1402.4735",
      archivePrefix  = "arXiv"
}

@article{SpeFea2,
      author         = "{C. Adam-Bourdarios et al.}",
      title          = "{The Higgs Machine Learning Challenge}",
      journal        = "J. Phys. Conf. Ser.",
      volume         = "664",
      year           = "2015",
      number         = "7",
      pages          = "072015",
      doi            = "10.1088/1742-6596/664/7/072015",
      reportNumber   = "ATL-SOFT-PROC-2015-044"
}


@article{cyl2,
  title={Snapshot ensembles: Train 1, get M for free},
  year={2017},
  author={Huang, G and Li, Y and Pleiss, G and Liu, Z and Hopcroft, JE and Weinberger, KQ},
   eprint         = "1704.00109",
   primaryClass   = "cs.LG",
   archivePrefix  = "arXiv"
}

@misc{cyl1,
  author = {Jeremy Jordan},
  title = {Cyclic Learning Rate Decay},
  URL = {https://www.jeremyjordan.me/content/images/2018/02/Screen-Shot-2018-02-25-at-8.44.49-PM.png},
  note = {Accessed: 2020-10-17}
}

@misc{lrdecay,
  author = {Jeremy Jordan},
  title = {Polynomial Learning Rate Decay},
  URL = {https://www.jeremyjordan.me/content/images/2018/02/Screen-Shot-2018-02-26-at-9.12.57-PM.png},
  note = {Accessed: 2020-09-17}
}

@article{stepsize,
  title={Cyclical learning rates for training neural networks},
  author={{L. N. Smith}},
  pages={{464--472}},
  year={2017},
  journal = {IEEE Winter Conference},
  doi={10.1109/WACV.2017.58},
  eprint         = "1506.01186",
  primaryClass   = "cs.CV",
  archivePrefix  = "arXiv"
}